<?xml version="1.0" encoding="UTF-8"?><record xmlns="http://www.loc.gov/MARC21/slim" xmlns:cinclude="http://apache.org/cocoon/include/1.0" xmlns:zs="http://www.loc.gov/zing/srw/">
  <leader>00510cz  a2200145n  4500</leader>
  <controlfield tag="001">n  89608039 </controlfield>
  <controlfield tag="003">DLC</controlfield>
  <controlfield tag="005">19890224082639.2</controlfield>
  <controlfield tag="008">890211n| acannaab|          |a ana |||  </controlfield>
  <datafield tag="010" ind1=" " ind2=" ">
    <subfield code="a">n  89608039 </subfield>
  </datafield>
  <datafield tag="040" ind1=" " ind2=" ">
    <subfield code="a">DLC</subfield>
    <subfield code="c">DLC</subfield>
    <subfield code="d">DLC</subfield>
  </datafield>
  <datafield tag="110" ind1="2" ind2="0">
    <subfield code="a">Orchestra barocca del C.I.M.A.</subfield>
  </datafield>
  <datafield tag="410" ind1="2" ind2="0">
    <subfield code="a">Centro italiano di musica antica.</subfield>
    <subfield code="b">Orchestra barocca</subfield>
  </datafield>
  <datafield tag="410" ind1="2" ind2="0">
    <subfield code="a">Orchestra barocca del CIMA</subfield>
  </datafield>
  <datafield tag="670" ind1=" " ind2=" ">
    <subfield code="a">Platti, G.B. Messa concertata da Requiem [SR] between 1979 and 1988:</subfield>
    <subfield code="b">label (Coro polifonico e Orchestra barocca del C.I.M.A.)</subfield>
  </datafield>
</record>